<?xml version="1.0" encoding="UTF-8"?>
<SOAP-ENV:Envelope xmlns:SOAP-ENV="http://schemas.xmlsoap.org/soap/envelope/" xmlns:of="http://oss.dbc.dk/ns/openformat" xmlns:ofo="http://oss.dbc.dk/ns/openformatoutput"><SOAP-ENV:Body><of:formatResponse><marc21><mx:record xmlns:mx="http://www.loc.gov/MARC21/slim" format="MARC21" type="Bibliographic"><mx:leader>00000ncm a22000000c 4500</mx:leader><mx:controlfield tag="008">090720s2009    dk ||a|| b     ||| |dan|d</mx:controlfield><mx:datafield ind1=" " ind2=" " tag="020"><mx:subfield code="a">9788759818244</mx:subfield></mx:datafield><mx:datafield ind1="2" ind2=" " tag="024"><mx:subfield code="a">M-66134-212-0</mx:subfield><mx:subfield code="d">ib.</mx:subfield><mx:subfield code="c">kr. 1168,00</mx:subfield></mx:datafield><mx:datafield ind1="8" ind2=" " tag="024"><mx:subfield code="a">CN 00052</mx:subfield></mx:datafield><mx:datafield ind1="1" ind2=" " tag="029"><mx:subfield code="a">DKDLA</mx:subfield><mx:subfield code="b">870970-basis:27833888</mx:subfield></mx:datafield><mx:datafield ind1=" " ind2=" " tag="040"><mx:subfield code="a">DKDLA</mx:subfield><mx:subfield code="b">dan</mx:subfield><mx:subfield code="c">DKDLA</mx:subfield></mx:datafield><mx:datafield ind1="0" ind2=" " tag="041"><mx:subfield code="a">dan</mx:subfield><mx:subfield code="b">dan</mx:subfield><mx:subfield code="b">eng</mx:subfield></mx:datafield><mx:datafield ind1=" " ind2=" " tag="084"><mx:subfield code="a">78.42</mx:subfield><mx:subfield code="2">z</mx:subfield></mx:datafield><mx:datafield ind1=" " ind2=" " tag="084"><mx:subfield code="a">78.53</mx:subfield><mx:subfield code="2">z</mx:subfield></mx:datafield><mx:datafield ind1=" " ind2=" " tag="084"><mx:subfield code="a">78.652</mx:subfield><mx:subfield code="2">z</mx:subfield></mx:datafield><mx:datafield ind1=" " ind2=" " tag="084"><mx:subfield code="a">78.31</mx:subfield><mx:subfield code="2">z</mx:subfield></mx:datafield><mx:datafield ind1="1" ind2=" " tag="100"><mx:subfield code="a">Nielsen, Carl,</mx:subfield><mx:subfield code="d">f. 1865</mx:subfield></mx:datafield><mx:datafield ind1="1" ind2="0" tag="245"><mx:subfield code="a">Juvenilia et addenda/</mx:subfield><mx:subfield code="c">Carl Nielsen ; udgivet af Lisbeth Ahlgren Jensen, Lisbeth Larsen</mx:subfield></mx:datafield><mx:datafield ind1=" " ind2=" " tag="260"><mx:subfield code="a">Copenhagen :</mx:subfield><mx:subfield code="b">Carl Nielsen Udgaven, Det Kongelige Bibliotek :</mx:subfield><mx:subfield code="b">Wilhelm Hansen :</mx:subfield><mx:subfield code="b">distribution Wilhelm Hansen,</mx:subfield><mx:subfield code="c">2009</mx:subfield></mx:datafield><mx:datafield ind1=" " ind2=" " tag="300"><mx:subfield code="a">1 partitur (lvi, 330 sider) ;</mx:subfield><mx:subfield code="c">33 cm</mx:subfield></mx:datafield><mx:datafield ind1="1" ind2=" " tag="490"><mx:subfield code="a">Værker / Carl Nielsen ;</mx:subfield><mx:subfield code="v">bind 1</mx:subfield></mx:datafield><mx:datafield ind1="1" ind2=" " tag="700"><mx:subfield code="a">Ahlgren Jensen, Lisbeth</mx:subfield></mx:datafield><mx:datafield ind1="1" ind2=" " tag="700"><mx:subfield code="a">Larsen, Lisbeth,</mx:subfield><mx:subfield code="d">f. 1977-04-24</mx:subfield></mx:datafield><mx:datafield ind1="2" ind2=" " tag="710"><mx:subfield code="a">Carl Nielsen Udgaven</mx:subfield></mx:datafield><mx:datafield ind1=" " ind2="0" tag="830"><mx:subfield code="a">Værker (Carl Nielsen).</mx:subfield><mx:subfield code="n">Serie IV.</mx:subfield><mx:subfield code="p">Juvenilia et addenda ;</mx:subfield><mx:subfield code="v">bind 1</mx:subfield></mx:datafield><mx:datafield ind1=" " ind2=" " tag="901"><mx:subfield code="a">785</mx:subfield></mx:datafield></mx:record><hs activity="insert">DKDLA</hs><hs activity="insert">DKB</hs></marc21></of:formatResponse></SOAP-ENV:Body></SOAP-ENV:Envelope>
